@misc{pakianathan2010generalizedwittalgebrasvariable,
      title={On generalized Witt algebras in one variable}, 
      author={Jonathan Pakianathan and Ki Bong Nam},
      year={2010},
      eprint={1007.3247},
      archivePrefix={arXiv},
      primaryClass={math.RA},
      url={https://arxiv.org/abs/1007.3247}, 
}
@article{Nam1999,
    author = {Nam, Kyu-Hwan},
    title = {Generalized {W} and {H} type Lie algebras},
    journal = {Algebra Colloquium},
    publisher = {Springer-Verlag},
    volume = {6},
    number = {3},
    pages = {329--340},
    year = {1999},
    doi = {10.1007/s000120050018},
    issn = {1005-3867}
}
@article{Dokovic1998,
    author = {Doković, Dragomir Ž. and Zhao, Kaiming},
    title = {Derivations, isomorphisms and second cohomology of generalized {W}itt algebras},
    journal = {Transactions of the American Mathematical Society},
    volume = {350},
    number = {2},
    pages = {643--664},
    year = {1998},
    doi = {10.1090/S0002-9947-98-02179-3},
    issn = {0002-9947},
    note = {Actual page range: 643-664 per AMS records}
}
@book{Amayo1974,
    author = {Amayo, R. K. and Stewart, Ian},
    title = {Infinite-dimensional Lie Algebras},
    publisher = {Noordhoff International Publishing},
    year = {1974},
    pages = {115--120},
    isbn = {90-286-0084-0},
    address = {Leyden, Netherlands},
    series = {Mathematical Monographs}
}
@article{Kac1974,
    author = {Kac, Victor G.},
    title = {Description of Filtered Lie Algebras with which Graded Lie Algebras of {C}artan Type are Associated},
    journal = {Mathematics of the USSR-Izvestiya},
    volume = {8},
    number = {4},
    pages = {801--835},
    year = {1974},
    note = {Original Russian: Izvestiya Akademii Nauk SSSR, Seriya Matematicheskaya, Tom 38 (1974), 832--834},
    doi = {10.1070/IM1974v008n04ABEH002128},
    language = {Russian (English translation available)},
    issn = {0373-2436}
}
@misc{teschner2017guidetwodimensionalconformalfield,
      title={A guide to two-dimensional conformal field theory}, 
      author={Joerg Teschner},
      year={2017},
      eprint={1708.00680},
      archivePrefix={arXiv},
      primaryClass={hep-th},
      url={https://arxiv.org/abs/1708.00680}, 
}
@book{Kac1990,
    author = {Kac, Victor G.},
    title = {Infinite-Dimensional Lie Algebras},
    edition = {3rd},
    publisher = {Cambridge University Press},
    year = {1990},
    isbn = {978-0-521-46693-6},
    series = {Cambridge Monographs in Mathematical Physics},
    doi = {10.1017/CBO9780511626234}
}
@book{Schottenloher1997,
    author = {Schottenloher, Martin},
    title = {A Mathematical Introduction to Conformal Field Theory},
    publisher = {Springer},
    year = {1997},
}
@article{Hormander1958,
    author = {Hormander, Lars},
    title = {On the Division of Distributions by Polynomials},
    journal = {Acta Math.},
    volume = {97},
    pages = {239--309},
    year = {1958},
    doi = {10.1007/BF02392392}
}
@unpublished{Lundholm2005,
    author = {Lundholm, Douglas},
    title = {The Virasoro Algebra and Its Representations in Physics},
    year = {2005},
    month = {January},
    day = {10},
    note = {Course report or lecture notes. F01, KTH (Royal Institute of Technology), Stockholm, Sweden},
    url = {https://people.kth.se/~dogge/files/virasoro.pdf},
}
@article{La_Nave_2019,
   title={Fractional Virasoro algebras},
   volume={23},
   ISSN={1095-0753},
   url={http://dx.doi.org/10.4310/ATMP.2019.v23.n6.a5},
   DOI={10.4310/atmp.2019.v23.n6.a5},
   number={6},
   journal={Advances in Theoretical and Mathematical Physics},
   publisher={International Press of Boston},
   author={La Nave, Gabriele and Phillips, Philip W.},
   year={2019},
   pages={1631–1655} 
}
@article{article,
author = {Raina, Ravinder and Koul, C.L.},
year = {1979},
month = {02},
pages = {188-192},
title = {On Weyl Fractional Calculus},
volume = {73},
journal = {Proceedings of the American Mathematical Society},
doi = {10.1007/BFb0067098}
}