@book{davenport2000,
  author    = {Davenport, Harold},
  title     = {Multiplicative Number Theory},
  year      = {2000},
  edition   = {3rd},
  publisher = {Springer},
  address   = {New York},
  note      = {Revised by Hugh L. Montgomery}
}
@article{article,
author = {Raina, Ravinder and Koul, C.L.},
year = {1979},
month = {02},
pages = {188-192},
title = {On Weyl Fractional Calculus},
volume = {73},
journal = {Proceedings of the American Mathematical Society},
doi = {10.1007/BFb0067098}
}